@article{
    Chen2023The,
    title={The Effects of Communication Cues on Group Decision Making in Online Conferences},
    author={Tingshu Chen and Ren-Ke He},
    journal={Usability and User Experience},
    year={2023},
    doi={10.54941/ahfe1003228}
}

@article{monino2021data,
  title={Data value, big data analytics, and decision-making},
  author={Monino, Jean-Louis},
  journal={Journal of the Knowledge Economy},
  volume={12},
  pages={256--267},
  year={2021},
  publisher={Springer}
}